<?xml version="1.0" encoding="UTF-8"?><collection xmlns="http://www.loc.gov/MARC21/slim"><record><leader>00598nam--2200181-i-4500</leader><controlfield tag="001">000031750</controlfield><controlfield tag="002">20161230</controlfield><controlfield tag="005">20161230201038</controlfield><controlfield tag="008">060222s1000------------r-----000-0-eng-d</controlfield><datafield ind1=" " ind2=" " tag="040"><subfield code="a">IFIN-HH</subfield></datafield><datafield ind1=" " ind2=" " tag="080"><subfield code="a">539.12</subfield></datafield><datafield ind1="1" ind2=" " tag="100"><subfield code="a">Jaksic, B</subfield></datafield><datafield ind1="1" ind2="0" tag="245"><subfield code="a">Lectures on high energy physics, delivered at the sixth summer meeting of nuclear physicists july-august 1961 hercegnovi, yugoslavia</subfield><subfield code="c">B. jaksic (ed.)</subfield></datafield><datafield ind1=" " ind2=" " tag="260"><subfield code="a">Zagreb</subfield><subfield code="b">Federal Nuclear Energy Commission Of Yugoslavia</subfield><subfield code="c">1961</subfield></datafield><datafield ind1=" " ind2=" " tag="300"><subfield code="a">2 VOLUME</subfield></datafield><datafield ind1="1" ind2=" " tag="787"><subfield code="a">Volume Ii</subfield><subfield code="h">/274p./517p</subfield></datafield><datafield ind1=" " ind2=" " tag="852"><subfield code="a">3893</subfield><subfield code="c">539.131</subfield></datafield><datafield ind1=" " ind2=" " tag="CAT"><subfield code="a">Sys</subfield><subfield code="c">20120228</subfield><subfield code="h">092351</subfield></datafield></record></collection>